<record><leader>00000cas a22000007a 4500</leader><controlfield tag="001">2253000</controlfield><controlfield tag="008">760620d18971928nduwr ne      0    0eng d</controlfield><datafield ind1=" " ind2=" " tag="010"><subfield code="a">sn 88076736 </subfield></datafield><datafield ind1=" " ind2=" " tag="040"><subfield code="a">MUL</subfield><subfield code="b">eng</subfield><subfield code="c">MUL</subfield><subfield code="d">NOP</subfield><subfield code="d">DLC</subfield></datafield><datafield ind1=" " ind2=" " tag="042"><subfield code="a">msc</subfield></datafield><datafield ind1="0" ind2="0" tag="245"><subfield code="a">Neche chronotype.</subfield></datafield><datafield ind1="1" ind2="3" tag="246"><subfield code="a">Printer's ink weekly</subfield></datafield><datafield ind1=" " ind2=" " tag="260"><subfield code="a">Neche, N.D. :</subfield><subfield code="b">H.H. Lampman,</subfield></datafield><datafield ind1=" " ind2=" " tag="300"><subfield code="a">v. :</subfield><subfield code="b">ill. ;</subfield><subfield code="c">54 cm.</subfield></datafield><datafield ind1=" " ind2=" " tag="310"><subfield code="a">Weekly</subfield></datafield><datafield ind1="0" ind2=" " tag="362"><subfield code="a">Vol. 1, no. 1 (Aug. 14, 1897)-     .</subfield></datafield><datafield ind1="1" ind2=" " tag="362"><subfield code="a">Ceased in 1928.</subfield></datafield><datafield ind1=" " ind2=" " tag="500"><subfield code="a">Published as: Printer's ink weekly, Aug. 26, 1921-Mar. 17, 1922.</subfield></datafield><datafield ind1=" " ind2=" " tag="530"><subfield code="a">Available on microfilm from the State Historical Society of North Dakota.</subfield></datafield><datafield ind1=" " ind2=" " tag="580"><subfield code="a">Issued with The Hamilton enterprizer and The Bathgate arclight.</subfield></datafield><datafield ind1=" " ind2=" " tag="752"><subfield code="a">United States</subfield><subfield code="b">North Dakota</subfield><subfield code="c">Pembina</subfield><subfield code="d">Neche.</subfield></datafield><datafield ind1="1" ind2=" " tag="777"><subfield code="t">Hamilton enterprizer</subfield><subfield code="w">(DLC)sn 89074001</subfield></datafield><datafield ind1="1" ind2=" " tag="777"><subfield code="t">Bathgate arclight</subfield><subfield code="w">(DLC)sn 89074002</subfield></datafield><datafield ind1="0" ind2="7" tag="785"><subfield code="t">Pioneer express</subfield><subfield code="x">2379-1241</subfield><subfield code="w">(DLC)sn 88076741</subfield><subfield code="w">(OCoLC)2253911</subfield></datafield><datafield ind1="0" ind2="7" tag="785"><subfield code="t">Pembina County chronotype-express</subfield><subfield code="w">(DLC)sn 88076737</subfield></datafield><datafield ind1="1" ind2=" " tag="029"><subfield code="a">AU@</subfield><subfield code="b">000025840609</subfield></datafield></record>